@misc{rogard2020notk
  ,author =       {Rogard, Erwann}
  ,year =         {2020}
  ,month =        {10}
  ,day =          {07}
  ,url = {https://github.com/erwannr/humanit/blob/main/nothingofthekind.pdf}
  ,title = {Rien au contraire}
  ,note = {Q&R autour de « Rien au contraire, ne semble plus vrai.»}
  ,language={french}
  ,hyphenation={french}}
